@book{Gardiner03,
author = {Gardiner, C.W.},
title = {Handbook of Stochastic Methods for Physics, Chemistry and the Natural Sciences (3rd ed.)},
publisher = {Springer},
issn = {0172-7389},
year = {2003}
}
@misc{DynSys,
title = {Notes on Dynamical Systems},
author = {Papapicco, D.},
howpublished = {\href{https://github.com/papadeiv/Pinakes/tree/master/notes/DynamicalSystems}{Link}}
}
@article{Ives95,
author = {Ives, Anthony R.},
title = {Measuring Resilience in Stochastic Systems},
journal = {Ecological Monographs},
volume = {65},
number = {2},
pages = {217-233},
doi = {10.2307/2937138},
year = {1995}
}
