@article{Reiss18,
author = {Reiss, J. and Schulze, P. and Sesterhenn, J. and Mehrmann, V.},
title = {The Shifted Proper Orthogonal Decomposition: A Mode Decomposition for Multiple Transport Phenomena},
journal = {SIAM Journal on Scientific Computing},
volume = {40},
number = {3},
year = {2018},
doi = {10.1137/17M1140571},
}
@article{Taddei21,
author = {Taddei, Tommaso and Zhang, Lei},
title = {Space-time registration-based model reduction of parameterized one-dimensional hyperbolic PDEs},
doi = {10.1051/m2an/2020073},
journal = {ESAIM: M2AN},
year = {2021},
volume = {55},
}
@article{Hesthaven22,
doi = {10.1017/S0962492922000058},
year = {2022},
volume = {31},
author = {Jan Hesthaven and Cecilia Pagliantini and Gianluigi Rozza},
title = {Reduced basis methods for time-dependent problems},
journal = {{Acta Numerica}},
}
@article{Papapicco22,
doi = {10.1016/j.cma.2022.114687},
year = {2022},
volume = {392},
author = {Papapicco, Davide and Demo, Nicola and Girfoglio, Michele and Stabile, Giovanni and Rozza, Gianluigi},
title = {The neural network shifted-proper orthogonal decomposition: a machine learning approach for non-linear reduction of hyperbolic equations},
journal = {{Com. Met. Appl. Mech. Eng.}},
}
@unpublished{Taddei23,
note = {Unpublished lecture notes},
year = {2023},
author = {Tommaso Taddei},
title = {An introduction to the reduced basis method},
}
